@inproceedings{Karypis95multilevelgraph,
    author = {George Karypis and Vipin Kumar},
    title = {Multilevel Graph Partitioning Schemes},
    booktitle = {Proc. 24th Intern. Conf. Par. Proc., III},
    year = {1995},
    pages = {113--122},
    publisher = {CRC Press}
}


@inproceedings{SuiNBP10,
  added-at = {2011-05-14T00:00:00.000+0200},
  author = {Sui, Xin and Nguyen, Donald and Burtscher, Martin and Pingali, Keshav},
  biburl = {http://www.bibsonomy.org/bibtex/239ee0cf813a446804031f1d4a67c5856/dblp},
  booktitle = {LCPC},
  editor = {Cooper, Keith D. and Mellor-Crummey, John M. and Sarkar, Vivek},
  ee = {http://dx.doi.org/10.1007/978-3-642-19595-2_17},
  interhash = {049596a44af2c0fa502e2e06ffb6d1a5},
  intrahash = {39ee0cf813a446804031f1d4a67c5856},
  isbn = {978-3-642-19594-5},
  keywords = {dblp},
  pages = {246-260},
  publisher = {Springer},
  series = {Lecture Notes in Computer Science}
}


@manual{Karypis_1998,
  author = {Karypis, George},  
  interhash = {3cb8209144f36ade4e50beabd03f2079},
  intrahash = {39641dbce7e631fddff1d1250939300a},
  keywords = {imported},
  month = {March},
  read = {nil},
  timestamp = {2010-05-10T08:12:01.000+0200},
  title = {METIS: A Software Package for Partitioning Unstructured Graphs, Partitioning Meshes, and Computing Fill-Reducing Orderings of Sparse Matrices Version 5.1.0},
  year = 2013
}


@article{10.1109/IPDPS.2013.50,
author = {Dominique Lasalle and George Karypis},
title = {Multi-threaded Graph Partitioning},
journal ={Parallel and Distributed Processing Symposium, International},
volume = {0},
issn = {1530-2075},
year = {2013},
pages = {225-236},
doi = {http://doi.ieeecomputersociety.org/10.1109/IPDPS.2013.50},
publisher = {IEEE Computer Society},
address = {Los Alamitos, CA, USA},
}


@inproceedings{Karypis:1996:PMK:369028.369103,
 author = {Karypis, George and Kumar, Vipin},
 title = {Parallel multilevel k-way partitioning scheme for irregular graphs},
 booktitle = {Proceedings of the 1996 ACM/IEEE conference on Supercomputing (CDROM)},
 series = {Supercomputing '96},
 year = {1996},
 isbn = {0-89791-854-1},
 location = {Pittsburgh, Pennsylvania, USA},
 articleno = {35},
 url = {http://dx.doi.org/10.1145/369028.369103},
 doi = {10.1145/369028.369103},
 acmid = {369103},
 publisher = {IEEE Computer Society},
 address = {Washington, DC, USA},
 keywords = {Parallel Graph Partitioning, Multilevel Partitioning Methods, Spectral Partitioning Methods, Kernighan-Lin Heuristic, Parallel Sparse Matrix Algorithms},
} 


@techreport{Karypis95parallelmultilevel,
    author = {George Karypis and Vipin Kumar},
    title = {Parallel Multilevel Graph Partitioning},
    institution = {University of Minnesota},
    year = {1995}
}

@misc{Cepeda:PhiPerformance,
  author = {Shannon Cepeda},
  title = {Optimization and Performance Tuning for Intel® Xeon Phi™ Coprocessors, Part 2: Understanding and Using Hardware Events},
  month = nov,
  year = {2012},
  howpublished = {\url{http://software.intel.com/en-us/articles/optimization-and-performance-tuning-for-intel-xeon-phi-coprocessors-part-2-understanding}},

}

